%% This BibTeX bibliography file was created using BibDesk.
%% http://bibdesk.sourceforge.net/


%% Created for Christopher Keane at 2017-01-31 12:38:12 -0800 


%% Saved with string encoding Unicode (UTF-8) 



@book{shafarevichVol2,
	Author = {Shafarevich, Igor π Rostislavovich},
	Date-Added = {2017-01-28 03:28:28 +0000},
	Date-Modified = {2017-01-31 20:30:01 +0000},
	Edition = {2},
	Publisher = {Springer-Verlag Berlin Heidelberg},
	Title = {Basic Algebraic Geometry},
	Volume = {2},
	Year = {1994}}

@book{neukirch,
	Author = {Neukirch, J{\"u}rgen},
	Date-Added = {2017-01-28 03:27:37 +0000},
	Date-Modified = {2017-01-31 20:18:57 +0000},
	Publisher = {Springer-Verlag Berlin Heidelberg},
	Series = {Grundlehren der mathematischen Wissenschaften},
	Title = {Algebraic Number Theory},
	Volume = {322},
	Year = {1999}}

@book{vanDeVen,
	Author = {Barth, Wolf and Hulek, Klaus and Peters, Chris and Van de Ven, Antonius},
	Date-Added = {2017-01-28 03:19:05 +0000},
	Date-Modified = {2017-01-31 20:21:39 +0000},
	Publisher = {Springer-Verlag Berlin Heidelberg},
	Series = {A Series of Modern Surveys in Mathematics},
	Title = {Compact Complex Surfaces},
	Volume = {4},
	Year = {2015}}

@book{hartshorne,
	Author = {Hartshorne, Robin},
	Date-Added = {2017-01-28 03:18:29 +0000},
	Date-Modified = {2017-01-31 20:17:30 +0000},
	Publisher = {Springer New York},
	Series = {Graduate Texts in Mathematics},
	Title = {Algebraic geometry},
	Volume = {52},
	Year = {1977}}

@misc{qPoints,
	Author = {Poonen, Bjorn},
	Date-Added = {2017-01-28 03:17:23 +0000},
	Date-Modified = {2017-01-31 20:38:11 +0000},
	Howpublished = {\url{http://math.mit.edu/~poonen/papers/Qpoints.pdf}},
	Journal = {Preprint (Mass. Inst. Technol., Cambridge, MA)},
	Title = {Rational points on varieties},
	Year = {2008},
	Bdsk-Url-1 = {http://math.mit.edu/~poonen/papers/Qpoints.pdf}}

@book{huybrechts,
	Author = {Huybrechts, Daniel},
	Date-Added = {2017-01-28 03:15:29 +0000},
	Date-Modified = {2017-01-28 03:16:48 +0000},
	Publisher = {Cambridge University Press},
	Title = {Lectures on K3 Surfaces},
	Year = {2016}}

@phdthesis{tonyThesis,
	Author = {V\'arilly-Alvarado},
	Date-Added = {2017-01-28 03:14:37 +0000},
	Date-Modified = {2017-01-28 03:15:21 +0000},
	School = {University of California, Berkeley},
	Title = {Arithmetic of del Pezzo surfaces of degree 1},
	Year = {2009}}

@phdthesis{westThesis,
	Author = {West, Mckenzie Rachel},
	Date-Added = {2017-01-28 03:14:01 +0000},
	Date-Modified = {2017-01-28 03:14:34 +0000},
	School = {Emory University},
	Title = {Brauer-Manin Computations for Surfaces},
	Year = {2016}}

@phdthesis{festiThesis,
	Author = {Festi, Dino},
	Date-Added = {2017-01-28 03:12:16 +0000},
	Date-Modified = {2017-01-31 20:34:50 +0000},
	School = {Universiteit Leiden},
	Title = {Topics in the arithmetic of del Pezzo and K3 surfaces},
	Year = {2012}}

@article{BSD,
	Author = {Birch, BJ and Swinnerton-Dyer, HPF},
	Date-Added = {2017-01-28 03:11:22 +0000},
	Date-Modified = {2017-01-28 03:12:13 +0000},
	Journal = {J. reine angew. Math},
	Number = {275},
	Pages = {164--174},
	Title = {The Hasse problem for rational surfaces},
	Volume = {274},
	Year = {1975}}
